%% This BibTeX bibliography file was created using BibDesk.
%% http://bibdesk.sourceforge.net/


%% Created for Sam van Gool at 2018-12-11 11:57:03 +0100 


%% Saved with string encoding Unicode (UTF-8)


@unpublished{thebook,
title="Duality",
author={Gehrke, M. and Gool,~S.J.~v.},
year="2020",
url={https://www.samvangool.net/dualitybook-draft.pdf},
note={Textbook draft, available online at \url{https://www.samvangool.net/dualitybook-draft.pdf}}
}


@unpublished{JEP-MPRI,
title="Mathematical Foundations of Automata Theory",
author={Pin, J.-Ã‰.},
year="2020",
url={https://www.irif.fr/~jep/PDF/MPRI/MPRI.pdf},
note={Lecture notes, available online at \url{https://www.irif.fr/~jep/PDF/MPRI/MPRI.pdf}}
}


@article{Sch65,
author = "Sch{\"u}tzenberger, M. P.",
title = "On Finite Monoids Having Only Trivial Subgroups",
journal = "Information and Control",
volume = {8},
number = {2},
pages = {190-194},
year = {1965}
}

